<?xml version="1.0" encoding="UTF-8"?><collection xmlns="http://www.loc.gov/MARC21/slim"><record><leader>00349nam--2200133-i-4500</leader><controlfield tag="001">000003544</controlfield><controlfield tag="002">20161230</controlfield><controlfield tag="005">20161230201025</controlfield><controlfield tag="008">060222s1000------------r-----000-0-eng-d</controlfield><datafield ind1=" " ind2=" " tag="100"><subfield code="a">Dewar, M.J.S</subfield></datafield><datafield ind1=" " ind2=" " tag="245"><subfield code="a">The electronic theory of organic chemistry</subfield></datafield><datafield ind1=" " ind2=" " tag="260"><subfield code="a">Oxford, At The Clarendon Press, /1949</subfield></datafield><datafield ind1=" " ind2=" " tag="490"><subfield code="a">Xi+324p</subfield></datafield><datafield ind1=" " ind2=" " tag="852"><subfield code="a">547:530-14(021)=2</subfield></datafield></record></collection>